<?xml version="1.0" encoding="UTF-8"?><collection xmlns="http://www.loc.gov/MARC21/slim"><record><leader>00511nam--2200133-i-4500</leader><controlfield tag="001">000038254</controlfield><controlfield tag="002">20161230</controlfield><controlfield tag="005">20170121223547</controlfield><controlfield tag="008">060222s1000------------r-----000-0-eng-d</controlfield><datafield ind1=" " ind2=" " tag="245"><subfield code="a">Reinststoffprobleme. Herausgegeben von E.Rexer. Deutsche Akademie der Wissenschaften zu Berlin Inst.fur Metallphysik und Reinstmetalle, Dresden. Band III: Realstruktur und eigenschaften von reinststoffenalytik</subfield></datafield><datafield ind1=" " ind2=" " tag="260"><subfield code="a">Berlin</subfield><subfield code="b">Akademik-Verlag</subfield><subfield code="c">1967</subfield></datafield><datafield ind1=" " ind2=" " tag="300"><subfield code="a">XIII + 1052 p</subfield></datafield><datafield ind1=" " ind2=" " tag="852"><subfield code="a">76546</subfield></datafield><datafield ind1=" " ind2=" " tag="CAT"><subfield code="a">SYS</subfield><subfield code="c">20170121</subfield><subfield code="h">223547</subfield></datafield></record></collection>